<?xml version="1.0" encoding="UTF-8"?><collection xmlns="http://www.loc.gov/MARC21/slim"><record><leader>00348nam--2200133-i-4500</leader><controlfield tag="001">000028710</controlfield><controlfield tag="002">20161230</controlfield><controlfield tag="005">20161230201037</controlfield><controlfield tag="008">060222s1000------------r-----000-0-eng-d</controlfield><datafield ind1=" " ind2=" " tag="080"><subfield code="a">533.6.08:621.375.826(043)</subfield></datafield><datafield ind1=" " ind2=" " tag="100"><subfield code="a">Lesne, Jean-loup</subfield></datafield><datafield ind1=" " ind2=" " tag="245"><subfield code="a">Etude d`un anemometre a laser</subfield></datafield><datafield ind1=" " ind2=" " tag="260"><subfield code="a">Paris, L`Univ.De Paris, 1976, 64p.+ Dif</subfield></datafield><datafield ind1=" " ind2=" " tag="852"><subfield code="a">44906</subfield></datafield></record></collection>